@incollection{Bengio+chapter2007,
author = {Bengio, Yoshua and LeCun, Yann},
booktitle = {Large Scale Kernel Machines},
publisher = {MIT Press},
title = {Scaling Learning Algorithms Towards {AI}},
year = {2007}
}

@article{Hinton06,
author = {Hinton, Geoffrey E. and Osindero, Simon and Teh, Yee Whye},
journal = {Neural Computation},
pages = {1527--1554},
title = {A Fast Learning Algorithm for Deep Belief Nets},
volume = {18},
year = {2006}
}

@book{goodfellow2016deep,
title={Deep learning},
author={Goodfellow, Ian and Bengio, Yoshua and Courville, Aaron and Bengio, Yoshua},
volume={1},
year={2016},
publisher={MIT Press}
}

@article{ciravegna2023logic,
  title={Logic explained networks},
  author={Ciravegna, Gabriele and Barbiero, Pietro and Giannini, Francesco and Gori, Marco and Li{\'o}, Pietro and Maggini, Marco and Melacci, Stefano},
  journal={Artificial Intelligence},
  volume={314},
  pages={103822},
  year={2023},
  publisher={Elsevier}
}

@inproceedings{barbiero2022entropy,
  title={Entropy-based logic explanations of neural networks},
  author={Barbiero, Pietro and Ciravegna, Gabriele and Giannini, Francesco and Li{\'o}, Pietro and Gori, Marco and Melacci, Stefano},
  booktitle={Proceedings of the AAAI Conference on Artificial Intelligence},
  volume={36},
  number={6},
  pages={6046--6054},
  year={2022}
}

@article{hinton2015distilling,
  title={Distilling the knowledge in a neural network},
  author={Hinton, Geoffrey and Vinyals, Oriol and Dean, Jeff and others},
  journal={arXiv preprint arXiv:1503.02531},
  volume={2},
  number={7},
  year={2015}
}

@inproceedings{geifman2019selectivenet,
  title={Selectivenet: A deep neural network with an integrated reject option},
  author={Geifman, Yonatan and El-Yaniv, Ran},
  booktitle={International conference on machine learning},
  pages={2151--2159},
  year={2019},
  organization={PMLR}
}

@inproceedings{koh2020concept,
  title={Concept bottleneck models},
  author={Koh, Pang Wei and Nguyen, Thao and Tang, Yew Siang and Mussmann, Stephen and Pierson, Emma and Kim, Been and Liang, Percy},
  booktitle={International Conference on Machine Learning},
  pages={5338--5348},
  year={2020},
  organization={PMLR}
}

@article{sagawa2019dro,
  title={Distributionally robust neural networks for group shifts: On the importance of regularization for worst-case generalization},
  author={Sagawa, Shiori and Koh, Pang Wei and Hashimoto, Tatsunori B and Liang, Percy},
  journal={arXiv preprint arXiv:1911.08731},
  year={2019}
}

@article{wah2011caltech,
  title={The caltech-ucsd birds-200-2011 dataset},
  author={Wah, Catherine and Branson, Steve and Welinder, Peter and Perona, Pietro and Belongie, Serge},
  year={2011},
  publisher={California Institute of Technology}
}

@article{yu2022anatomy,
  title={Anatomy-Guided Weakly-Supervised Abnormality Localization in Chest X-rays},
  author={Yu, Ke and Ghosh, Shantanu and Liu, Zhexiong and Deible, Christopher and Batmanghelich, Kayhan},
  journal={arXiv preprint arXiv:2206.12704},
  year={2022}
}

@incollection{kindermans2019reliability,
  title={The (un) reliability of saliency methods},
  author={Kindermans, Pieter-Jan and Hooker, Sara and Adebayo, Julius and Alber, Maximilian and Sch{\"u}tt, Kristof T and D{\"a}hne, Sven and Erhan, Dumitru and Kim, Been},
  booktitle={Explainable AI: Interpreting, Explaining and Visualizing Deep Learning},
  pages={267--280},
  year={2019},
  publisher={Springer}
}

@inproceedings{SHAP,
  title={A unified approach to interpreting model predictions},
  author={Lundberg, Scott M and Lee, Su-In},
  booktitle={Proceedings of the 31st international conference on neural information processing systems},
  pages={4768--4777},
  year={2017}
}

@inproceedings{L2X,
  title={Learning to explain: An information-theoretic perspective on model interpretation},
  author={Chen, Jianbo and Song, Le and Wainwright, Martin and Jordan, Michael},
  booktitle={International Conference on Machine Learning},
  pages={883--892},
  year={2018},
  organization={PMLR}
}


@inproceedings{szegedy2015going,
  title={Going deeper with convolutions},
  author={Szegedy, Christian and Liu, Wei and Jia, Yangqing and Sermanet, Pierre and Reed, Scott and Anguelov, Dragomir and Erhan, Dumitru and Vanhoucke, Vincent and Rabinovich, Andrew},
  booktitle={Proceedings of the IEEE conference on computer vision and pattern recognition},
  pages={1--9},
  year={2015}
}

@article{kim2017interpretability,
  title={Interpretability Beyond Feature Attribution: Quantitative Testing with Concept Activation Vectors (TCAV).(2017)},
  author={Kim, Been and Wattenberg, Martin and Gilmer, Justin and Cai, Carrie and Wexler, James and Viegas, Fernanda and Sayres, Rory},
  journal={arXiv preprint arXiv:1711.11279},
  year={2017}
}

@article{tschandl2018ham10000,
  title={The HAM10000 dataset, a large collection of multi-source dermatoscopic images of common pigmented skin lesions},
  author={Tschandl, Philipp and Rosendahl, Cliff and Kittler, Harald},
  journal={Scientific data},
  volume={5},
  number={1},
  pages={1--9},
  year={2018},
  publisher={Nature Publishing Group}
}
@article{wang2021feature,
  title={Feature fusion vision transformer for fine-grained visual categorization},
  author={Wang, Jun and Yu, Xiaohan and Gao, Yongsheng},
  journal={arXiv preprint arXiv:2107.02341},
  year={2021}
}

@inproceedings{he2016deep,
  title={Deep residual learning for image recognition},
  author={He, Kaiming and Zhang, Xiangyu and Ren, Shaoqing and Sun, Jian},
  booktitle={Proceedings of the IEEE conference on computer vision and pattern recognition},
  pages={770--778},
  year={2016}
}

@article{daneshjou2021disparities,
  title={Disparities in dermatology ai: Assessments using diverse clinical images},
  author={Daneshjou, Roxana and Vodrahalli, Kailas and Liang, Weixin and Novoa, Roberto A and Jenkins, Melissa and Rotemberg, Veronica and Ko, Justin and Swetter, Susan M and Bailey, Elizabeth E and Gevaert, Olivier and others},
  journal={arXiv preprint arXiv:2111.08006},
  year={2021}
}

@inproceedings{lucieri2020interpretability,
  title={On interpretability of deep learning based skin lesion classifiers using concept activation vectors},
  author={Lucieri, Adriano and Bajwa, Muhammad Naseer and Braun, Stephan Alexander and Malik, Muhammad Imran and Dengel, Andreas and Ahmed, Sheraz},
  booktitle={2020 international joint conference on neural networks (IJCNN)},
  pages={1--10},
  year={2020},
  organization={IEEE}
}

@article{kawahara2018seven,
  title={Seven-point checklist and skin lesion classification using multitask multimodal neural nets},
  author={Kawahara, Jeremy and Daneshvar, Sara and Argenziano, Giuseppe and Hamarneh, Ghassan},
  journal={IEEE journal of biomedical and health informatics},
  volume={23},
  number={2},
  pages={538--546},
  year={2018},
  publisher={IEEE}
}

@article{10_jain2021radgraph,
  title={RadGraph: Extracting Clinical Entities and Relations from Radiology Reports},
  author={Jain, Saahil and Agrawal, Ashwin and Saporta, Adriel and Truong, Steven QH and Duong, Du Nguyen and Bui, Tan and Chambon, Pierre and Zhang, Yuhao and Lungren, Matthew P and Ng, Andrew Y and others},
  journal={arXiv preprint arXiv:2106.14463},
  year={2021}
}

@article{12_johnsonmimic,
  title={MIMIC-CXR-JPG-chest radiographs with structured labels},
  author={Johnson, Alistair and Lungren, Matt and Peng, Yifan and Lu, Zhiyong and Mark, Roger and Berkowitz, Seth and Horng, Steven}
}

@inproceedings{23_wadden-etal-2019-entity,
    title = "Entity, Relation, and Event Extraction with Contextualized Span Representations",
    author = "Wadden, David  and
      Wennberg, Ulme  and
      Luan, Yi  and
      Hajishirzi, Hannaneh",
    booktitle = "Proceedings of the 2019 Conference on Empirical Methods in Natural Language Processing and the 9th International Joint Conference on Natural Language Processing (EMNLP-IJCNLP)",
    month = nov,
    year = "2019",
    address = "Hong Kong, China",
    publisher = "Association for Computational Linguistics",
    url = "https://aclanthology.org/D19-1585",
    doi = "10.18653/v1/D19-1585",
    pages = "5784--5789",
    abstract = "We examine the capabilities of a unified, multi-task framework for three information extraction tasks: named entity recognition, relation extraction, and event extraction. Our framework (called DyGIE++) accomplishes all tasks by enumerating, refining, and scoring text spans designed to capture local (within-sentence) and global (cross-sentence) context. Our framework achieves state-of-the-art results across all tasks, on four datasets from a variety of domains. We perform experiments comparing different techniques to construct span representations. Contextualized embeddings like BERT perform well at capturing relationships among entities in the same or adjacent sentences, while dynamic span graph updates model long-range cross-sentence relationships. For instance, propagating span representations via predicted coreference links can enable the model to disambiguate challenging entity mentions. Our code is publicly available at https://github.com/dwadden/dygiepp and can be easily adapted for new tasks or datasets.",
}

@article{zhou2017places,
  title={Places: A 10 million image database for scene recognition},
  author={Zhou, Bolei and Lapedriza, Agata and Khosla, Aditya and Oliva, Aude and Torralba, Antonio},
  journal={IEEE transactions on pattern analysis and machine intelligence},
  volume={40},
  number={6},
  pages={1452--1464},
  year={2017},
  publisher={IEEE}
}

@inproceedings{huang2017densely,
  title={Densely connected convolutional networks},
  author={Huang, Gao and Liu, Zhuang and Van Der Maaten, Laurens and Weinberger, Kilian Q},
  booktitle={Proceedings of the IEEE conference on computer vision and pattern recognition},
  pages={4700--4708},
  year={2017}
}

@inproceedings{lu2021metadata,
  title={Metadata normalization},
  author={Lu, Mandy and Zhao, Qingyu and Zhang, Jiequan and Pohl, Kilian M and Fei-Fei, Li and Niebles, Juan Carlos and Adeli, Ehsan},
  booktitle={Proceedings of the IEEE/CVF Conference on Computer Vision and Pattern Recognition},
  pages={10917--10927},
  year={2021}
}

@article{chen2019looks,
  title={This looks like that: deep learning for interpretable image recognition},
  author={Chen, Chaofan and Li, Oscar and Tao, Daniel and Barnett, Alina and Rudin, Cynthia and Su, Jonathan K},
  journal={Advances in neural information processing systems},
  volume={32},
  year={2019}
}

@article{simonyan2013deep,
  title={Deep inside convolutional networks: Visualising image classification models and saliency maps},
  author={Simonyan, Karen and Vedaldi, Andrea and Zisserman, Andrew},
  journal={arXiv preprint arXiv:1312.6034},
  year={2013}
}

@article{singla2019explanation,
  title={Explanation by progressive exaggeration},
  author={Singla, Sumedha and Pollack, Brian and Chen, Junxiang and Batmanghelich, Kayhan},
  journal={arXiv preprint arXiv:1911.00483},
  year={2019}
}

@inproceedings{alharbi2021learning,
  title={Learning Interpretation with Explainable Knowledge Distillation},
  author={Alharbi, Raed and Vu, Minh N and Thai, My T},
  booktitle={2021 IEEE International Conference on Big Data (Big Data)},
  pages={705--714},
  year={2021},
  organization={IEEE}
}

@article{linardatos2020explainable,
  title={Explainable ai: A review of machine learning interpretability methods},
  author={Linardatos, Pantelis and Papastefanopoulos, Vasilis and Kotsiantis, Sotiris},
  journal={Entropy},
  volume={23},
  number={1},
  pages={18},
  year={2020},
  publisher={MDPI}
}

@inproceedings{cheng2020explaining,
  title={Explaining knowledge distillation by quantifying the knowledge},
  author={Cheng, Xu and Rao, Zhefan and Chen, Yilan and Zhang, Quanshi},
  booktitle={Proceedings of the IEEE/CVF conference on computer vision and pattern recognition},
  pages={12925--12935},
  year={2020}
}

@article{frosst2017distilling,
  title={Distilling a neural network into a soft decision tree},
  author={Frosst, Nicholas and Hinton, Geoffrey},
  journal={arXiv preprint arXiv:1711.09784},
  year={2017}
}

@article{abid2021meaningfully,
  title={Meaningfully explaining model mistakes using conceptual counterfactuals},
  author={Abid, Abubakar and Yuksekgonul, Mert and Zou, James},
  journal={arXiv preprint arXiv:2106.12723},
  year={2021}
}

@article{adebayo2018sanity,
  title={Sanity checks for saliency maps},
  author={Adebayo, Julius and Gilmer, Justin and Muelly, Michael and Goodfellow, Ian and Hardt, Moritz and Kim, Been},
  journal={Advances in neural information processing systems},
  volume={31},
  year={2018}
}

@article{samek2016evaluating,
  title={Evaluating the visualization of what a deep neural network has learned},
  author={Samek, Wojciech and Binder, Alexander and Montavon, Gr{\'e}goire and Lapuschkin, Sebastian and M{\"u}ller, Klaus-Robert},
  journal={IEEE transactions on neural networks and learning systems},
  volume={28},
  number={11},
  pages={2660--2673},
  year={2016},
  publisher={IEEE}
}

@article{montavon2018methods,
  title={Methods for interpreting and understanding deep neural networks},
  author={Montavon, Gr{\'e}goire and Samek, Wojciech and M{\"u}ller, Klaus-Robert},
  journal={Digital signal processing},
  volume={73},
  pages={1--15},
  year={2018},
  publisher={Elsevier}
}

@article{shrikumar2016not,
  title={Not just a black box: Learning important features through propagating activation differences},
  author={Shrikumar, Avanti and Greenside, Peyton and Shcherbina, Anna and Kundaje, Anshul},
  journal={arXiv preprint arXiv:1605.01713},
  year={2016}
}
@article{smilkov2017smoothgrad,
  title={Smoothgrad: removing noise by adding noise},
  author={Smilkov, Daniel and Thorat, Nikhil and Kim, Been and Vi{\'e}gas, Fernanda and Wattenberg, Martin},
  journal={arXiv preprint arXiv:1706.03825},
  year={2017}
}

@inproceedings{selvaraju2017grad,
  title={Grad-cam: Visual explanations from deep networks via gradient-based localization},
  author={Selvaraju, Ramprasaath R and Cogswell, Michael and Das, Abhishek and Vedantam, Ramakrishna and Parikh, Devi and Batra, Dhruv},
  booktitle={Proceedings of the IEEE international conference on computer vision},
  pages={618--626},
  year={2017}
}

@article{rudin2019stop,
  title={Stop explaining black box machine learning models for high stakes decisions and use interpretable models instead},
  author={Rudin, Cynthia},
  journal={Nature Machine Intelligence},
  volume={1},
  number={5},
  pages={206--215},
  year={2019},
  publisher={Nature Publishing Group}
}

@inproceedings{sarkar2021inducing,
  title={A framework for learning ante-hoc explainable models via concepts},
  author={Sarkar, Anirban and Vijaykeerthy, Deepak and Sarkar, Anindya and Balasubramanian, Vineeth N},
  booktitle={Proceedings of the IEEE/CVF Conference on Computer Vision and Pattern Recognition},
  pages={10286--10295},
  year={2022}
}


@article{hastie1987generalized,
  title={Generalized additive models: some applications},
  author={Hastie, Trevor and Tibshirani, Robert},
  journal={Journal of the American Statistical Association},
  volume={82},
  number={398},
  pages={371--386},
  year={1987},
  publisher={Taylor \& Francis}
}

@article{letham2015interpretable,
  title={Interpretable classifiers using rules and bayesian analysis: Building a better stroke prediction model},
  author={Letham, Benjamin and Rudin, Cynthia and McCormick, Tyler H and Madigan, David},
  journal={The Annals of Applied Statistics},
  volume={9},
  number={3},
  pages={1350--1371},
  year={2015},
  publisher={Institute of Mathematical Statistics}
}

@article{breiman1984classification,
  title={Classification and Regression Trees (CRC, Boca Raton, FL)},
  author={Breiman, L and Friedman, J and Stone, CJ and Olshen, RA},
  year={1984}
}

@inproceedings{wan2022explainability,
  title={Explainability's Gain is Optimality's Loss? How Explanations Bias Decision-making},
  author={Wan, Charles and Belo, Rodrigo and Zejnilovic, Leid},
  booktitle={Proceedings of the 2022 AAAI/ACM Conference on AI, Ethics, and Society},
  pages={778--787},
  year={2022}
}

@inproceedings{pillai2022consistent,
  title={Consistent Explanations by Contrastive Learning},
  author={Pillai, Vipin and Koohpayegani, Soroush Abbasi and Ouligian, Ashley and Fong, Dennis and Pirsiavash, Hamed},
  booktitle={Proceedings of the IEEE/CVF Conference on Computer Vision and Pattern Recognition},
  pages={10213--10222},
  year={2022}
}

@article{xian2018zero,
  title={Zero-shot learning—a comprehensive evaluation of the good, the bad and the ugly},
  author={Xian, Yongqin and Lampert, Christoph H and Schiele, Bernt and Akata, Zeynep},
  journal={IEEE transactions on pattern analysis and machine intelligence},
  volume={41},
  number={9},
  pages={2251--2265},
  year={2018},
  publisher={IEEE}
}

@article{yuksekgonul2022post,
  title={Post-hoc Concept Bottleneck Models},
  author={Yuksekgonul, Mert and Wang, Maggie and Zou, James},
  journal={arXiv preprint arXiv:2205.15480},
  year={2022}
}

@article{ciravegna2021logic,
  title={Logic explained networks},
  author={Ciravegna, Gabriele and Barbiero, Pietro and Giannini, Francesco and Gori, Marco and Li{\'o}, Pietro and Maggini, Marco and Melacci, Stefano},
  journal={arXiv preprint arXiv:2108.05149},
  year={2021}
}

@inproceedings{ribeiro2016should,
  title={" Why should i trust you?" Explaining the predictions of any classifier},
  author={Ribeiro, Marco Tulio and Singh, Sameer and Guestrin, Carlos},
  booktitle={Proceedings of the 22nd ACM SIGKDD international conference on knowledge discovery and data mining},
  pages={1135--1144},
  year={2016}
}

@article{mao2019neuro,
  title={The neuro-symbolic concept learner: Interpreting scenes, words, and sentences from natural supervision},
  author={Mao, Jiayuan and Gan, Chuang and Kohli, Pushmeet and Tenenbaum, Joshua B and Wu, Jiajun},
  journal={arXiv preprint arXiv:1904.12584},
  year={2019}
}

@article{yeh2019concept,
  title={On concept-based explanations in deep neural networks},
  author={Yeh, Chih-Kuan and Kim, Been and Arik, Sercan and Li, Chun-Liang and Ravikumar, Pradeep and Pfister, Tomas},
  year={2019}
}

@article{rotemberg2021patient,
  title={A patient-centric dataset of images and metadata for identifying melanomas using clinical context},
  author={Rotemberg, Veronica and Kurtansky, Nicholas and Betz-Stablein, Brigid and Caffery, Liam and Chousakos, Emmanouil and Codella, Noel and Combalia, Marc and Dusza, Stephen and Guitera, Pascale and Gutman, David and others},
  journal={Scientific data},
  volume={8},
  number={1},
  pages={1--8},
  year={2021},
  publisher={Nature Publishing Group}
}

@article{zarlenga2022concept,
  title={Concept embedding models},
  author={Zarlenga, Mateo Espinosa and Barbiero, Pietro and Ciravegna, Gabriele and Marra, Giuseppe and Giannini, Francesco and Diligenti, Michelangelo and Shams, Zohreh and Precioso, Frederic and Melacci, Stefano and Weller, Adrian and others},
  journal={arXiv preprint arXiv:2209.09056},
  year={2022}
}

@inproceedings{lu2019look,
  title={Look-up and Adapt: A One-shot Semantic Parser},
  author={Lu, Zhichu and Arabshahi, Forough and Labutov, Igor and Mitchell, Tom},
  booktitle={Proceedings of the 2019 Conference on Empirical Methods in Natural Language Processing and the 9th International Joint Conference on Natural Language Processing (EMNLP-IJCNLP)},
  pages={1129--1139},
  year={2019}
}
@article{arabshahi2018combining,
  title={Combining Symbolic Expressions and Black-box Function Evaluations in Neural Programs},
  author={Arabshahi, Forough and Singh, Sameer and Anandkumar, Animashree},
  booktitle={International Conference on Learing Representations (ICLR)},
  year={2018}
}
@article{lample2019deep,
  title={Deep learning for symbolic mathematics},
  author={Lample, Guillaume and Charton, Fran{\c{c}}ois},
  journal={arXiv preprint arXiv:1912.01412},
  year={2019}
}
@article{huang2018neural,
  title={A Neural-Symbolic Approach to Natural Language Tasks},
  author={Huang, Qiuyuan and Smolensky, Paul and He, Xiaodong and Deng, Li and Wu, Dapeng},
  year={2018}
}
@inproceedings{corgi,
  title={Conversational Neuro-Symbolic Commonsense Reasoning},
  author={Arabshahi, Forough and Lee, Jennifer and Gawarecki, Mikayla and Mazaitis, Kathryn and Azaria, Amos and Mitchell, Tom},
  booktitle={Proceedings of the AAAI Conference on Artificial Intelligence},
  year={2021}
}
@inproceedings{arabshahi2021conversational,
    title = "Conversational Multi-Hop Reasoning with Neural Commonsense Knowledge and Symbolic Logic Rules",
    author = "Arabshahi, Forough  and
      Lee, Jennifer  and
      Bosselut, Antoine  and
      Choi, Yejin  and
      Mitchell, Tom",
    booktitle = "Proceedings of the 2021 Conference on Empirical Methods in Natural Language Processing",
    month = nov,
    year = "2021",
    address = "Online and Punta Cana, Dominican Republic",
    publisher = "Association for Computational Linguistics",
    doi = "10.18653/v1/2021.emnlp-main.588",
    pages = "7404--7418",
}

@inproceedings{lampert2009learning,
  title={Learning to detect unseen object classes by between-class attribute transfer},
  author={Lampert, Christoph H and Nickisch, Hannes and Harmeling, Stefan},
  booktitle={2009 IEEE conference on computer vision and pattern recognition},
  pages={951--958},
  year={2009},
  organization={IEEE}
}

@inproceedings{kumar2009attribute,
  title={Attribute and simile classifiers for face verification},
  author={Kumar, Neeraj and Berg, Alexander C and Belhumeur, Peter N and Nayar, Shree K},
  booktitle={2009 IEEE 12th international conference on computer vision},
  pages={365--372},
  year={2009},
  organization={IEEE}
}

@article{mahinpei2021promises,
  title={Promises and pitfalls of black-box concept learning models},
  author={Mahinpei, Anita and Clark, Justin and Lage, Isaac and Doshi-Velez, Finale and Pan, Weiwei},
  journal={arXiv preprint arXiv:2106.13314},
  year={2021}
}

@article{margeloiu2021concept,
  title={Do concept bottleneck models learn as intended?},
  author={Margeloiu, Andrei and Ashman, Matthew and Bhatt, Umang and Chen, Yanzhi and Jamnik, Mateja and Weller, Adrian},
  journal={arXiv preprint arXiv:2105.04289},
  year={2021}
}

@article{chen2020concept,
  title={Concept whitening for interpretable image recognition},
  author={Chen, Zhi and Bei, Yijie and Rudin, Cynthia},
  journal={Nature Machine Intelligence},
  volume={2},
  number={12},
  pages={772--782},
  year={2020},
  publisher={Nature Publishing Group}
}

@inproceedings{belle2020symbolic,
  title={Symbolic logic meets machine learning: A brief survey in infinite domains},
  author={Belle, Vaishak},
  booktitle={International Conference on Scalable Uncertainty Management},
  pages={3--16},
  year={2020},
  organization={Springer}
}

@article{besold2017neural,
  title={Neural-symbolic learning and reasoning: A survey and interpretation},
  author={Besold, Tarek R and Garcez, Artur d'Avila and Bader, Sebastian and Bowman, Howard and Domingos, Pedro and Hitzler, Pascal and K{\"u}hnberger, Kai-Uwe and Lamb, Luis C and Lowd, Daniel and Lima, Priscila Machado Vieira and others},
  journal={arXiv preprint arXiv:1711.03902},
  year={2017}
} 
  
@inproceedings{garcez2015neural,
  title={Neural-symbolic learning and reasoning: contributions and challenges},
  author={Garcez, Artur d'Avila and Besold, Tarek R and De Raedt, Luc and F{\"o}ldiak, Peter and Hitzler, Pascal and Icard, Thomas and K{\"u}hnberger, Kai-Uwe and Lamb, Luis C and Miikkulainen, Risto and Silver, Daniel L},
  booktitle={2015 AAAI Spring Symposium Series},
  year={2015}
}

@book{mendelson2009introduction,
  title={Introduction to mathematical logic},
  author={Mendelson, Elliott},
  year={2009},
  publisher={Chapman and Hall/CRC}
}

@article{geirhos2020shortcut,
  title={Shortcut learning in deep neural networks},
  author={Geirhos, Robert and Jacobsen, J{\"o}rn-Henrik and Michaelis, Claudio and Zemel, Richard and Brendel, Wieland and Bethge, Matthias and Wichmann, Felix A},
  journal={Nature Machine Intelligence},
  volume={2},
  number={11},
  pages={665--673},
  year={2020},
  publisher={Nature Publishing Group}
}

@inproceedings{agarwal2022estimating,
  title={Estimating example difficulty using variance of gradients},
  author={Agarwal, Chirag and D'souza, Daniel and Hooker, Sara},
  booktitle={Proceedings of the IEEE/CVF Conference on Computer Vision and Pattern Recognition},
  pages={10368--10378},
  year={2022}
}
@article{hooker2019compressed,
  title={What do compressed deep neural networks forget?},
  author={Hooker, Sara and Courville, Aaron and Clark, Gregory and Dauphin, Yann and Frome, Andrea},
  journal={arXiv preprint arXiv:1911.05248},
  year={2019}
}

@inproceedings{lalor2018understanding,
  title={Understanding deep learning performance through an examination of test set difficulty: A psychometric case study},
  author={Lalor, John P and Wu, Hao and Munkhdalai, Tsendsuren and Yu, Hong},
  booktitle={Proceedings of the Conference on Empirical Methods in Natural Language Processing. Conference on Empirical Methods in Natural Language Processing},
  volume={2018},
  pages={4711},
  year={2018},
  organization={NIH Public Access}
}

@article{rabanser2022selective,
  title={Selective Classification Via Neural Network Training Dynamics},
  author={Rabanser, Stephan and Thudi, Anvith and Hamidieh, Kimia and Dziedzic, Adam and Papernot, Nicolas},
  journal={arXiv preprint arXiv:2205.13532},
  year={2022}
}

@article{feng2021phases,
  title={Phases of learning dynamics in artificial neural networks in the absence or presence of mislabeled data},
  author={Feng, Yu and Tu, Yuhai},
  journal={Machine Learning: Science and Technology},
  volume={2},
  number={4},
  pages={043001},
  year={2021},
  publisher={IOP Publishing}
}

@article{hu2020surprising,
  title={The surprising simplicity of the early-time learning dynamics of neural networks},
  author={Hu, Wei and Xiao, Lechao and Adlam, Ben and Pennington, Jeffrey},
  journal={Advances in Neural Information Processing Systems},
  volume={33},
  pages={17116--17128},
  year={2020}
}

@article{bordt2022post,
  title={Post-hoc explanations fail to achieve their purpose in adversarial contexts},
  author={Bordt, Sebastian and Finck, Mich{\`e}le and Raidl, Eric and von Luxburg, Ulrike},
  journal={arXiv preprint arXiv:2201.10295},
  year={2022}
}

@inproceedings{sundararajan2017axiomatic,
  title={Axiomatic attribution for deep networks},
  author={Sundararajan, Mukund and Taly, Ankur and Yan, Qiqi},
  booktitle={International conference on machine learning},
  pages={3319--3328},
  year={2017},
  organization={PMLR}
}

@article{yoon2019rl,
  title={RL-LIM: Reinforcement learning-based Locally interpretable modeling},
  author={Yoon, Jinsung and Arik, Sercan O and Pfister, Tomas},
  journal={arXiv preprint arXiv:1909.12367},
  year={2019}
}

@inproceedings{binder2016layer,
  title={Layer-wise relevance propagation for neural networks with local renormalization layers},
  author={Binder, Alexander and Montavon, Gr{\'e}goire and Lapuschkin, Sebastian and M{\"u}ller, Klaus-Robert and Samek, Wojciech},
  booktitle={International Conference on Artificial Neural Networks},
  pages={63--71},
  year={2016},
  organization={Springer}
}

@inproceedings{rosenzweig2021patch,
  title={Patch Shortcuts: Interpretable Proxy Models Efficiently Find Black-Box Vulnerabilities},
  author={Rosenzweig, Julia and Sicking, Joachim and Houben, Sebastian and Mock, Michael and Akila, Maram},
  booktitle={Proceedings of the IEEE/CVF Conference on Computer Vision and Pattern Recognition},
  pages={56--65},
  year={2021}
}

@inproceedings{havasi2022addressing,
  title={Addressing Leakage in Concept Bottleneck Models},
  author={Havasi, Marton and Parbhoo, Sonali and Doshi-Velez, Finale},
  booktitle={Advances in Neural Information Processing Systems},
  year={2022}
}